<?xml version="1.0" encoding="UTF-8"?><collection xmlns="http://www.loc.gov/MARC21/slim"><record><leader>00450nam--2200169-i-4500</leader><controlfield tag="001">000039426</controlfield><controlfield tag="002">20161230</controlfield><controlfield tag="005">20161230201042</controlfield><controlfield tag="008">060222s1000------------r-----000-0-eng-d</controlfield><datafield ind1=" " ind2=" " tag="040"><subfield code="a">IFIN-HH</subfield></datafield><datafield ind1=" " ind2=" " tag="080"><subfield code="a">534.01:519.24</subfield></datafield><datafield ind1="1" ind2=" " tag="100"><subfield code="a">Robson, J.D</subfield></datafield><datafield ind1="1" ind2="0" tag="245"><subfield code="a">An introduction to random vibration</subfield><subfield code="c">D.j robson</subfield></datafield><datafield ind1=" " ind2=" " tag="260"><subfield code="a">Amsterdam, Elsevier Publishing Company, 1964,</subfield></datafield><datafield ind1=" " ind2=" " tag="300"><subfield code="a">VIII + 150P</subfield></datafield><datafield ind1=" " ind2=" " tag="852"><subfield code="a">20868</subfield><subfield code="c">534</subfield></datafield><datafield ind1=" " ind2=" " tag="CAT"><subfield code="a">Sys</subfield><subfield code="c">20101007</subfield><subfield code="h">102516</subfield></datafield></record></collection>